<?xml version="1.0" encoding="UTF-8"?><collection xmlns="http://www.loc.gov/MARC21/slim"><record><leader>00563nam--2200181-i-4500</leader><controlfield tag="001">000005116</controlfield><controlfield tag="002">20161230</controlfield><controlfield tag="005">20161230201026</controlfield><controlfield tag="008">060222s1000------------r-----000-0-eng-d</controlfield><datafield ind1=" " ind2=" " tag="040"><subfield code="a">IFIN-HH</subfield></datafield><datafield ind1=" " ind2=" " tag="080"><subfield code="a">537.531</subfield></datafield><datafield ind1="1" ind2=" " tag="100"><subfield code="a">Buerger, M.J</subfield></datafield><datafield ind1="1" ind2="0" tag="245"><subfield code="a">X-ray crystallography</subfield><subfield code="b">An introduction to the investigation of crystals by their diffraction of monochromatic x-radiation</subfield><subfield code="c">M.j. buerger</subfield></datafield><datafield ind1=" " ind2=" " tag="250"><subfield code="a">Fourth Printing</subfield></datafield><datafield ind1=" " ind2=" " tag="260"><subfield code="a">New York</subfield><subfield code="b">John Wiley &amp; Sons, Inc</subfield><subfield code="c">1958</subfield></datafield><datafield ind1=" " ind2=" " tag="300"><subfield code="a">XXII + 531 P</subfield></datafield><datafield ind1=" " ind2=" " tag="852"><subfield code="a">15653</subfield><subfield code="c">537.531</subfield></datafield><datafield ind1=" " ind2=" " tag="CAT"><subfield code="a">Sys</subfield><subfield code="c">20110808</subfield><subfield code="h">130245</subfield></datafield></record></collection>